@misc {
  datasets,
  title = {
    HTRU2 Data Set
  },
  howpublished = {
    \url{ https://archive.ics.uci.edu/ml/datasets/HTRU2 }
  },
  note = {
    Accessed: 2015-03-18
  }
}